@online{nisarg2021,
  author = {Nisarg Shah},
  title  = {CSC373: Algorithm Design, Analysis \& Complexity},
  year   = {2021},
  url    = {https://www.cs.toronto.edu/~nisarg/teaching/373f21/}
}

@online{quercus-20241,
  author = {Nathan Wiebe and Harry Sha},
  title  = {CSC373H1S 20241},
  year   = {2024},
  url    = {https://q.utoronto.ca/courses/337418}
}

@misc{nathan-onedrive,
  author       = {Nathan Wiebe},
  title        = {Course recordings, slides, and other materials},
  year         = {2024},
  howpublished = {OneDrive shared folder},
  url          = {https://utoronto-my.sharepoint.com/personal/nathan_wiebe_utoronto_ca/_layouts/15/onedrive.aspx?ga=1&id=%2Fpersonal%2Fnathan%5Fwiebe%5Futoronto%5Fca%2FDocuments%2FCSC373}
}

@book{key,
  author    = {Thomas H. Cormen and Charles E. Leiserson and Ronald L. Rivest and Clifford Stein},
  title     = {Introduction to Algorithms},
  publisher = {The MIT Press},
  year      = {2022},
  edition   = {4},
  address   = {Cambridge, MA},
  isbn      = {978-0-262-04630-5},
  url       = {https://mitpress.mit.edu/9780262046305/introduction-to-algorithms/}
}

@article{4051119,
  author   = {Huffman, David A.},
  journal  = {Proceedings of the IRE},
  title    = {A Method for the Construction of Minimum-Redundancy Codes},
  year     = {1952},
  volume   = {40},
  number   = {9},
  pages    = {1098-1101},
  keywords = {Transmitters},
  doi      = {10.1109/JRPROC.1952.273898}
}
